@article{peixoto_instrumentos_2016,
  title = {Instrumentos da democracia participativa : um estudo sobre o {Participa}.br e o {Dialoga} {Brasil}},
  shorttitle = {Instrumentos da democracia participativa},
  url = {http://bdm.unb.br/handle/10483/12701},
  language = {Português},
  urldate = {2018-01-19},
  author = {Peixoto, Abner da Costa},
  month = mar,
  year = {2016},
}

@article{souza_plataforma_2014,
  title = {Plataforma {Participa}.{BR} : um estudo sobre a participação social na formação das políticas públicas},
  shorttitle = {Plataforma {Participa}.{BR}},
  url = {http://www.lume.ufrgs.br/handle/10183/127403},
  language = {por},
  urldate = {2018-01-19},
  author = {Souza, Vanderlei de Menezes},
  year = {2014},
}

@article{meirelles_ontologia_2014,
  title = {Ontologia para o {Portal} da {Participação} {Social}},
  url = {https://biblioteca.participa.br/jspui/handle/11451/1120},
  language = {por},
  urldate = {2018-01-19},
  author = {Meirelles, Paulo Roberto Miranda},
  month = nov,
  year = {2014},
}

@techreport{cunha_experiencias_2015,
  type = {Technical {Report}},
  title = {Experiências governamentais brasileiras de participação digital},
  url = {http://bibliotecadigital.fgv.br/dspace/handle/10438/16452},
  language = {por},
  urldate = {2018-01-19},
  institution = {Escola de Direito de São Paulo da Fundação Getulio Vargas. Grupo de Ensino e Pesquisa em Inovação},
  author = {Cunha, Maria Alexandra Viegas Cortez da and Rosina, Mônica Steffen Guise and Teixeira, Marco Antonio Carvalho and Silva, Alexandre Pacheco da and Lazzari, Eduardo Alves and Silva, Maria Camila Florêncio da and Karolczak, Rodrigo Moura and Cantoni, Stefania Lapolla and Coelho, Taiane Ritta and Silva, Thomaz Anderson Barbosa da and Cruz, Brauner and Aiko, João and Spinola, Larissa and Marinho, Lucas and Scheliga, Nina Rentel},
  year = {2015},
}

@article{ciconello_alexandre_participacao_2008,
  title = {A participação social como processo de consolidação da democracia no {Brasil}},
  language = {pt-br},
  urldate = {2018-02-21},
  journal = {From poverty to power},
  author = {Ciconello, Alexandre},
  year = {2008},
}
